%*** CAPITOLO I *******************************************************
%1
%cap1-ICNSC-2017.pdf
%http://ieeexplore.ieee.org/document/8000145/
@Inbook{Fortino2014,
	author="Fortino, Giancarlo
	and Guerrieri, Antonio
	and Russo, Wilma
	and Savaglio, Claudio",
	editor="Fortino, Giancarlo
	and Trunfio, Paolo",
	title="Middlewares for Smart Objects and Smart Environments: Overview and Comparison",
	bookTitle="Internet of Things Based on Smart Objects: Technology, Middleware and Applications",
	year="2014",
	publisher="Springer International Publishing",
	address="Cham",
	pages="1--27",
	isbn="978-3-319-00491-4",
	doi="10.1007/978-3-319-00491-4_1",
	url="https://doi.org/10.1007/978-3-319-00491-4_1"
}
%2
%cap1-ICNSC-2017.pdf
%http://ieeexplore.ieee.org/document/8000145/
@article{GUBBI20131645,
	title = "Internet of Things (IoT): A vision, architectural elements, and future directions",
	journal = "Future Generation Computer Systems",
	volume = "29",
	number = "7",
	pages = "1645 - 1660",
	year = "2013",
	issn = "0167-739X",
	doi = "http://dx.doi.org/10.1016/j.future.2013.01.010",
	url = "http://www.sciencedirect.com/science/article/pii/S0167739X13000241",
	author = "Jayavardhana Gubbi and Rajkumar Buyya and Slaven Marusic and Marimuthu Palaniswami",
}
%3
%cap1-ICNSC-2017.pdf
%http://ieeexplore.ieee.org/document/8000145/
@book{fortino2014internet,
	title={Internet of Things based on smart objects},
	author={Fortino, Giancarlo and Trunfio, Paolo},
	year={2014},
	publisher={Springer}
}
%4
%cap1-ICNSC-2017.pdf
%http://ieeexplore.ieee.org/document/8000145/
@inproceedings{fortino2014integration,
	title={Integration of agent-based and cloud computing for the smart objects-oriented iot},
	author={Fortino, Giancarlo and Guerrieri, Antonio and Russo, Wilma and Savaglio, Claudio},
	booktitle={Computer Supported Cooperative Work in Design (CSCWD), Proceedings of the 2014 IEEE 18th International Conference on},
	pages={493--498},
	year={2014},
	organization={IEEE}
}

%5
%cap1-ICNSC-2017.pdf
@INPROCEEDINGS{8000145, 
	author={P. De Meo and F. Messina and M. N. Postorino and D. Rosaci and G. M. L. Sarné}, 
	booktitle={2017 IEEE 14th International Conference on Networking, Sensing and Control (ICNSC)}, 
	title={A reputation framework to share resources into IoT-based environments}, 
	year={2017}, 
	pages={513-518}, 
	keywords={Atmospheric modeling;Authentication;Computational modeling;Performance evaluation;Privacy;Radio frequency}, 
	doi={10.1109/ICNSC.2017.8000145}, 
	month={May}}

%6
%cap1-SmartEducation-2017.pdf
%http://ieeexplore.ieee.org/document/7962537/
@article{ashton2009internet,
	title={That ‘internet of things’ thing},
	author={Ashton, Kevin},
	journal={RFiD Journal},
	volume={22},
	number={7},
	year={2009},
	url={http://www.rfidjournal.com/articles/view?4986}
}

%7
%cap1-SmartEducation-2017.pdf
%http://ieeexplore.ieee.org/document/7962537/
@article{swan2012sensor,
	title={Sensor mania! the internet of things, wearable computing, objective metrics, and the quantified self 2.0},
	author={Swan, Melanie},
	journal={Journal of Sensor and Actuator Networks},
	volume={1},
	number={3},
	pages={217--253},
	year={2012}
}

%8
%SINTEF+S13363.pdf
@Monographies{SINTEF+S13363,
	Keywords={Internet of Things},
	title={Internet of Things Strategic Research Roadmap},
	Author={	
	Vermesan, Ovidiu
	and Mark, Harrison
	and Harald, Vogt
	and Kostas, Kalaboukas
	and Maurizio, Tomasella
	and Karel, Wouters
	and Sergio, Gusmeroli
	and Stephan, Haller},
	publisher={European Commission - Information Society and Media DG},
	year={2009},
	place={Brussels},
	url={https://www.sintef.no/en/publications/publication/download/?pubId=SINTEF+S13363},
}

%9
%cap1- iot.pdf
@article{gubbi2013internet,
	title={Internet of Things (IoT): A vision, architectural elements, and future directions},
	author={Gubbi, Jayavardhana and Buyya, Rajkumar and Marusic, Slaven and Palaniswami, Marimuthu},
	journal={Future generation computer systems},
	volume={29},
	number={7},
	pages={1645--1660},
	year={2013},
	publisher={Elsevier},
}

%10
%Cap1-IMPORTANTE-morin2017.pdf
@ARTICLE{morin2017comparison, 
	author={É. Morin and M. Maman and R. Guizzetti and A. Duda}, 
	journal={IEEE Access}, 
	title={Comparison of the Device Lifetime in Wireless Networks for the Internet of Things}, 
	year={2017}, 
	volume={5}, 
	pages={7097-7114},  
	keywords={Internet of Things;access protocols;Internet of Things;IoT technologies;MAC parameters;medium access control constraints;physical layer;traffic intensities;wireless networks;6LoWPAN;802.11ah;802.15.4e;Bluetooth low energy;Internet of Things (IoT);LoRa;SIGFOX;TSCH;clock drift;energy consumption model;wireless sensor networks}, 
	doi={10.1109/ACCESS.2017.2688279}, 
	ISSN={2169-3536}, 
	month={},
}



%11
%cap1-gs-1402.4675.pdf
%forse in questa citazione c'è un errore, citazione presa da morin2017 era la citazione [1] perchè su internet ho trovato questa https://scholar.googleusercontent.com/scholar.bib?q=info:ZWQmhVL-4-oJ:scholar.google.com/&output=citation&scisig=AAGBfm0AAAAAWYmhcZ-go_s1kA6Op1bE3O_fC8z3K45Z&scisf=4&ct=citation&cd=-1&hl=it
@article{ieee2003ieee,
	title={IEEE Standard for Local and Metropolitan Area Networks—Part 15.4: Low-Rate Wireless Personal Area Networks (LR-WPANs)},
	author={IEEE},
	year={2003} 
}


%12

@INPROCEEDINGS{5982548, 
	author={S. Tozlu}, 
	booktitle={2011 7th International Wireless Communications and Mobile Computing Conference}, 
	title={Feasibility of Wi-Fi enabled sensors for Internet of Things}, 
	year={2011}, 
	pages={291-296}, 
	keywords={IP networks;wireless LAN;wireless sensor networks;G2M5477;IEEE 802.11 standard;IP connectivity;Internet of Things;Web of Things;Wi-Fi enabled sensor;energy consumption;low-power Wi-Fi;wireless sensor network;Batteries;Current measurement;Energy consumption;IEEE 802.11 Standards;Power demand;Sensors;Wireless sensor networks;802.11;IP Sensor;Low-power Wi-Fi;WSN;battery lifetime}, 
	doi={10.1109/IWCMC.2011.5982548}, 
	ISSN={2376-6492}, 
	month={July},}

%13
%cap1-gs-1402.4675.pdf
@article{ieee1999part11,
	title={IEEE Standard 802.11: Wireless LAN Medium Access Control
	(MAC) and Physical Layer (PHY) Specifications},
	author={IEEE},
	year={1999},
}

%14
%cap1-gs-1402.4675.pdf
@article{Bluetooth502016,
	title={Specification of Bluetooth Core v5.0},
	author={IEEE},
	year={2016},
	month={December},
	volume={0},
	url={https://www.bluetooth.com/specifications/bluetooth-core-specification}
}

%15
%cap1-IMPORTANTE-sensors-16-01960.pdf
@ARTICLE{7558107, 
	journal={IEEE P802.11ah/D9.0, August 2016}, 
	title={IEEE Draft Standard for Information Technology-Telecommunications and Information Exchange Between Systems-Local and Metropolitan Area Networks-Specific Requirements-Part 11: Wireless LAN Medium Access Control (MAC) and Physical Layer (PHY) Specifications: Amendment 2: Sub 1 GHz License Exempt Operation}, 
	year={2016}, 
	pages={1-660}, 
	keywords={Frequency division multiplexing;IEEE Standards;Information technology;Local area networks;Low power consumption;Media Access Protocol;Narrowband;OFDM;Physical layer;Power transmission;Wireless LAN;MAC;OFDM;PHY;WLAN;long transmission range;low power consumption;medium access control;narrower bandwidth;orthogonal frequency division multiplexing;physical layer;sub 1 GHz;wireless local area network}, 
	month={Jan},
	url={http://ieeexplore.ieee.org/servlet/opac?punumber=7558105},
}

%16
%cap1-gs-1402.4675.pdf
@online{LoRa2017,
	author = {LoRa},
	title = {LoRa Alliance Website Accessed on 2017-1-10. [Online]. Available:
	http://lora-alliance.org/},
	date = {date},
	url = {http://lora-alliance.org/},
	OPTnote = {Accessed on 2017-1-10. [Online]. Available:
	http://lora-alliance.org/},
	OPTorganization = {LoRa Alliance Website},
	date = {10},
	month = {January},
	year = {2017},
}


%17
%cap1-gs-1402.4675.pdf
@online{SIGFOX2017,
	author = {SIGFOX},
	title = {SIGFOX Website Accessed on 2017-1-10. [Online]. Available:
	http://www.sigfox.com/en/},
	date = {date},
	url = {http://www.sigfox.com/en/},
	OPTnote = {Accessed on 2017-1-10. [Online]. Available:
	http://www.sigfox.com/en/},
	OPTorganization = {LoRa Alliance Website},
	date = {10},
	month = {January},
	year = {2017},
}

%18
%cap1-gs-1402.4675.pdf
@ARTICLE{7000982, 
	author={T. Adame and A. Bel and B. Bellalta and J. Barcelo and M. Oliver}, 
	journal={IEEE Wireless Communications}, 
	title={IEEE 802.11AH: the WiFi approach for M2M communications}, 
	year={2014}, 
	volume={21}, 
	number={6}, 
	pages={144-152}, 
	keywords={wireless LAN;IEEE 802.11AH task group;M2M communications;WiFi approach;environmental data acquisition;medium access control layer;power-constrained stations;Data models;Downlink;IEEE 802.11 Standards;Machine-to-machine communication;Uplink;Wireless sensor networks}, 
	doi={10.1109/MWC.2014.7000982}, 
	ISSN={1536-1284}, 
	month={December},
}

%19
%cap1-IMPORTANTE-sensors-16-01960.pdf
@ARTICLE{7101216, 
	author={S. Aust and R. V. Prasad and I. G. M. M. Niemegeers}, 
	journal={IEEE Communications Surveys Tutorials}, 
	title={Outdoor Long-Range WLANs: A Lesson for IEEE 802.11ah}, 
	year={2015}, 
	volume={17}, 
	number={3}, 
	pages={1761-1775}, 
	keywords={access protocols;radiofrequency interference;wireless LAN;IEEE 802.11ah;MAC;PHY;WLAN access points;WLAN outdoor installations;WLAN protocol;interference problems;media access control;outdoor deployments;outdoor long-range WLAN;physical layer;wireless LAN;Bandwidth;OFDM;Protocols;Throughput;Wireless LAN;Wireless communication;Wireless sensor networks;IEEE 802.11ah;WLAN;long-range;outdoor;sub- 1GHz;sub-1 GHz;wireless sensor}, 
	doi={10.1109/COMST.2015.2429311}, 
	ISSN={1553-877X}, 
	month={thirdquarter},}

%cap1-IMPORTANTE-sensors-16-01960.pdf
%20
@article{sun2013ieee,
	title={IEEE 802.11 ah: A long range 802.11 WLAN at sub 1 GHz},
	author={Sun, Weiping and Choi, Munhwan and Choi, Sunghyun},
	journal={Journal of ICT Standardization},
	volume={1},
	number={1},
	pages={83--108},
	year={2013},
	publisher={River Publishers}
}

%cap1-IMPORTANTE-sensors-16-01960.pdf
%21
@article{banos2016ieee,
	title={IEEE 802.11 ah: a technology to face the IoT challenge},
	author={Ba{\~n}os-Gonzalez, Victor and Afaqui, M Shahwaiz and Lopez-Aguilera, Elena and Garcia-Villegas, Eduard},
	journal={Sensors},
	volume={16},
	number={11},
	pages={1960},
	year={2016},
	publisher={Multidisciplinary Digital Publishing Institute}
}
